<?xml version="1.0" encoding="UTF-8"?><collection xmlns="http://www.loc.gov/MARC21/slim"><record><leader>00391nam--2200145-i-4500</leader><controlfield tag="001">000007500</controlfield><controlfield tag="002">20161230</controlfield><controlfield tag="005">20161230201027</controlfield><controlfield tag="008">060222s1000------------r-----000-0-eng-d</controlfield><datafield ind1=" " ind2=" " tag="080"><subfield code="a">539.188</subfield></datafield><datafield ind1=" " ind2=" " tag="100"><subfield code="a">Bouchiat, Marie Anne</subfield></datafield><datafield ind1=" " ind2=" " tag="245"><subfield code="a">Etude par pompage optique de la relaxation d`a tomes de rubidium</subfield></datafield><datafield ind1=" " ind2=" " tag="260"><subfield code="a">Paris, Universite De Paris, 1964 155 P</subfield></datafield><datafield ind1=" " ind2=" " tag="490"><subfield code="a">Theses</subfield></datafield><datafield ind1=" " ind2=" " tag="852"><subfield code="a">20201</subfield></datafield></record></collection>